<?xml version="1.0" encoding="UTF-8"?><collection xmlns="http://www.loc.gov/MARC21/slim"><record><leader>00470nam--2200181-i-4500</leader><controlfield tag="001">000019380</controlfield><controlfield tag="002">20161230</controlfield><controlfield tag="005">20170106002636</controlfield><controlfield tag="008">060222s1000------------r-----000-0-eng-d</controlfield><datafield ind1=" " ind2=" " tag="040"><subfield code="a">IFIN-HH</subfield></datafield><datafield ind1=" " ind2=" " tag="080"><subfield code="a">53(082.1)</subfield></datafield><datafield ind1="1" ind2=" " tag="100"><subfield code="a">Conn, G. K. T</subfield></datafield><datafield ind1="1" ind2="0" tag="245"><subfield code="a">Essays in physics. Vol. 4</subfield><subfield code="c">G.K.T. Conn, G.N. Fowler (eds.)</subfield></datafield><datafield ind1=" " ind2=" " tag="260"><subfield code="a">London</subfield><subfield code="b">Academic Press</subfield><subfield code="c">1972</subfield></datafield><datafield ind1=" " ind2=" " tag="300"><subfield code="a">IX+163 p</subfield></datafield><datafield ind1=" " ind2="1" tag="700"><subfield code="a">Fowler, G.N</subfield><subfield code="e">Ed</subfield></datafield><datafield ind1=" " ind2=" " tag="852"><subfield code="a">34784</subfield><subfield code="c">53</subfield></datafield><datafield ind1=" " ind2=" " tag="CAT"><subfield code="a">SYS</subfield><subfield code="c">20170106</subfield><subfield code="h">002636</subfield></datafield></record></collection>